<?xml version="1.0" encoding="UTF-8"?><collection xmlns="http://www.loc.gov/MARC21/slim"><record><leader>00484nam--2200145-i-4500</leader><controlfield tag="001">000010529</controlfield><controlfield tag="002">20161230</controlfield><controlfield tag="005">20161230201028</controlfield><controlfield tag="008">060222s1000------------r-----000-0-eng-d</controlfield><datafield ind1=" " ind2=" " tag="080"><subfield code="a">543.422:015:543.064</subfield></datafield><datafield ind1=" " ind2=" " tag="100"><subfield code="a">Boutron, Claude</subfield></datafield><datafield ind1=" " ind2=" " tag="245"><subfield code="a">Contribution a la chimie des neiges de l`antar ctique. dettermination d`elements traces au ni veau ppb par spectrometrie d`absorption atomiq ue. these</subfield></datafield><datafield ind1=" " ind2=" " tag="260"><subfield code="a">Grenoble, Faculte Des Sciences, 1971 88 P</subfield></datafield><datafield ind1=" " ind2=" " tag="490"><subfield code="a">138</subfield></datafield><datafield ind1=" " ind2=" " tag="852"><subfield code="a">38103</subfield></datafield></record></collection>